%% This BibTeX bibliography file was created using BibDesk.
%% http://bibdesk.sourceforge.net/


%% Created for Francesco Argentieri at 2016-07-06 11:40:47 +0200 


%% Saved with string encoding Unicode (UTF-8) 



@book{hespanha2009linear,
	Author = {Hespanha, J.P.},
	Date-Added = {2016-07-06 09:40:11 +0000},
	Date-Modified = {2016-07-06 09:40:11 +0000},
	Isbn = {9781400831890},
	Lccn = {2009006371},
	Publisher = {Princeton University Press},
	Title = {Linear Systems Theory},
	Url = {https://books.google.it/books?id=tvd4ILdJUQoC},
	Year = {2009},
	Bdsk-Url-1 = {https://books.google.it/books?id=tvd4ILdJUQoC}}

@url{Makeblock,
	Date-Added = {2016-07-06 09:40:06 +0000},
	Date-Modified = {2016-07-06 09:40:06 +0000},
	Title = {http://makeblock.com/en}}

@url{C++,
	Date-Added = {2016-07-06 09:40:06 +0000},
	Date-Modified = {2016-07-06 09:40:06 +0000},
	Title = {http://en.cppreference.com/w/},
	Urldate = {2016}}

@book{schmidt2011manuale,
	Author = {Schmidt, M.},
	Date-Added = {2016-07-06 09:40:06 +0000},
	Date-Modified = {2016-07-06 09:40:06 +0000},
	Isbn = {9788850312436},
	Publisher = {Apogeo},
	Series = {Guida completa},
	Title = {Il manuale di Arduino},
	Url = {https://books.google.it/books?id=3WMoaMsBqMMC},
	Year = {2011},
	Bdsk-Url-1 = {https://books.google.it/books?id=3WMoaMsBqMMC}}
